@BOOK{DUMMY:1,
AUTHOR="Kaniovska I. Y.",
TITLE="Конспект лекцій з теорії ймовірностей та математичної статистики",
}
